@book{book_key,
	address = {City},
	publisher = {Publisher},
	author = {Smith, John},
	title = {Book title},
	year = {2012},
	volume = {3},
	series = {2},
	edition = {1},
	pages = {123--200},
	month = {January}
}

@article{article_key,
	address = {City},
	publisher = {Publisher},
	author = {Smith, James},
	title = {Article title},
	year = {2013},
	volume = {14},
	number = {6},
	pages = {1--8},
	month = {March}
}

@article{stanton2001,
	publisher = {Journal of Statistics Education },
	author = {Stanton, Jeffrey},
	title = {Galton, Pearson, and the Peas: A Brief History of Linear Regression for Statistics Instructors},
	year = {2001},
	volume = {9},
	number = {3}
}

@article{ritter2010,
	publisher = {Phys.org},
	author = {Ritter, Jeffrey},
    year = {2010},
	title = {Russian mathematician rejects \$1 million prize},
    url = {https://phys.org/news/2010-07-russian-mathematician-million-prize.html}
}

@article{v2sim,
  year = {2012},
  title = {V-2 Simulation by Jurvetson via Attribution Engine. Licensed under CC BY},
  url = {http://images.mediachain.io/image/7cd0eb40afdf319b20b20965d12805f3},
}

@article{pocoetal,
	year = {2011},
    title = {A Framework for Exploring Multidimensional Data with 3D Projections},
    publisher = {Blackwell Publishing},
    url = {http://vcgl.jacobs-university.de/wp-content/uploads/2011/06/PocoEtAl2011_web.pdf},
    author = {Poco, J. and Etemadpour, J. and Paulovich, F.V. and Long, T.V. and Oliviera, M.C.F. and Linsen, L. and Minghim, R.},
    volume = {30},
    number = {3},
    journal = {Europgrahics},
}

@article{schulz2017,
	year = {2017},
    title = {Retrieval on Parametric Shape Collections},
    publisher = {ACM Transactions on Graphics},
    url = {https://people.csail.mit.edu/aschulz/paramShapeRetrieval/a11-schulz.pdf},
    author = {Schulz, Adriana and Shamir, Ariel and Baran, Ilya and Levin, David and Sitthi-Amorn, Pitchaya and Matusik, Wojciech},
    volume = {36},
    number = {1},
    journal = {ACM Transactions on Graphics},
}

@article{markets,
year ={2015},
title = {3D Mapping and 3D Modeling Market worth 16.99 Billion USD by 2020},
publisher = {MarketsandMarkets},
url = {https://www.wired.com/2010/11/1110mars-climate-observer-report/}
}

@article{markets2,
year ={2016},
title = {High Performance Computing Market by Components Type (Servers, Storage, Networking Devices, \& Software), Services, Deployment Type, Server Price Band, Vertical, \& Region - Global Forecast to 2020},
publisher = {MarketsandMarkets},
url = {http://www.marketsandmarkets.com/Market-Reports/Quantum-High-Performance-Computing-Market-631.html}
}

@article{mars,
year ={2010},
title = {Nov. 10, 1999: Metric Math Mistake Muffed Mars Meteorology Mission},
publisher = {Wired},
url = {https://www.wired.com/2010/11/1110mars-climate-observer-report/},
author = {Grossman, Lisa}}

@article{merel2017,
year ={2017},
title = {The reality of VR/AR growth},
publisher = {TechCrunch},
url = {https://techcrunch.com/2017/01/11/the-reality-of-vrar-growth/},
author = {Merel, Tim}}

@article{epa,
year ={2017},
title = {EPA website removes climate science site from public view after two decades},
publisher = {The Washington Post},
url = {https://www.washingtonpost.com/news/energy-environment/wp/2017/04/28/epa-website-removes-climate-science-site-from-public-view-after-two-decades/?utm_term=.953edd1dd68e},
author = {Eilperin, Juliet and Mooney, Chris}}


@article{lang2015,
year ={2015},
title = {Google Lists 8 New Full-time Virtual Reality Jobs in Biggest VR Hiring Spree Yet},
publisher = {Road to VR},
url = {http://www.roadtovr.com/google-lists-8-new-full-time-virtual-reality-jobs-in-biggest-vr-hiring-spree-yet/},
author = {Lang, Ben}}

@article{grayson2014,
year ={2014},
title = {Star Citizen’s Biggest Goal Yet: A Procedural Gen Team},
publisher = {Rock Paper Shotgun},
url = {https://www.rockpapershotgun.com/2014/02/25/star-citizens-biggest-goal-yet-a-procedural-gen-team/},
author = {Grayson, Nathan}}

@article{harding2010,
year ={2010},
title = {Grigory Perelman, the maths genius who said no to \$ 1m},
publisher = {The Guardian},
url = {https://www.theguardian.com/world/2010/mar/23/grigory-perelman-rejects-1m-dollars},
author = {Harding, Luke}}

@article{khomami2016,
year ={2016},
title = {All scientific papers to be free by 2020 under EU proposals},
publisher = {The Guardian},
url = {https://www.theguardian.com/science/2016/may/28/eu-ministers-2020-target-free-access-scientific-papers},
author = {Khomami, Nadia}}


@article{rogers,
year ={2009},
title = {The Development of Algebra},
publisher = {University of Cambridge},
url = {http://nrich.maths.org/6485},
author = {Leo, Rogers}}


@book{velasco1,
    title={Journey through Mathematics: Creative Episodes in Its History},
  author={Gonz{\'a}lez-Velasco, E.A.},
  isbn={9780387921549},
  series={SpringerLink : B{\"u}cher},
  url={https://books.google.com/books?id=0sTd4qJgOmsC},
  year={2011},
  publisher={Springer New York},
  	pages = {1},
}

@book{vandoren27,
	address = {New York},
	publisher = {Ballantine Books},
	author = {van Doren, Charles},
	title = {A History of Knowledge},
	year = {1991},
	pages = {27}
}



@book{heath,
	address = {Cambridge},
	publisher = {Oxford University Press},
	author = {Heath, Thomas},
	title = {A History of Greek Mathematics},
    volume = {1},
	year = {1921},
	pages = {1}
}


@article{lady,
year ={1998},
title = {The Origins of Abstract Algebra},
publisher = {University of Hawaii},
url = {http://www.math.hawaii.edu/~lee/algebra/},
author = {Lady, Lee}}

@article{feng2000,
year ={2000},
url = {https://www.researchgate.net/publication/2579478_Fast_Algorithm_for_Composition_of_the_Bernstein_Polynomials},
title = {Fast Algorithm for Composition of the Bernstein Polynomials},
author = {Feng, Jieqing and Peng, Qunsheng}
}

@article{yang2016,
year ={2016},
title = {Construction of Rational Bézier Surface with Rational Bézier curves
as boundary Geodesics},
url = {http://www.dpi-journals.com/index.php/JRST/article/view/3735},
author = {Yang, Huogen and Wang, Guozhao and Deng, Shaohui}
}

@article{xiong2004,
year ={2004},
title = {PeerTrust: Supporting Reputation-Based Trust for Peer-to-Peer Electronic Communities},
url = {http://ieeexplore.ieee.org/document/1318566/},
author = {Xiong, Li and Liu, Ling}
}

@article{kamvar,
year ={2003},
title = {The EigenTrust Algorithm for Reputation Management in
P2P Networks},
url = {http://ilpubs.stanford.edu:8090/562/1/2002-56.pdf},
author = {Kamvar, Sepandar and Schlosser, Mario and Garcia-Molina, Hector}
}

@misc{weisstein,
title = {Topology},
url = {http://mathworld.wolfram.com/Topology.html},
author = {Weisstein, Eric W.},
publisher = {MathWorld -- A Wolfram Web Resource}
}

@article{wager2017,
	publisher = {Journal of Epidemiology},
	author = {Wager, Elizabeth},
	title = {Why we should worry less about predatory publishers and more about the quality of research and training at our academic institutions},
	year = {2017},
	volume = {27},
	number = {3},
	pages = {87-88},
	month = {March},
    url = {http://www.sciencedirect.com/science/article/pii/S0917504017300217}
}

@article{teutsch,
	author = {Teutsch, Jason and Reitwießner, Christian},
	title = {A scalable verification solution for blockchains},
	year = {2017},
	month = {March},
    url = {https://people.cs.uchicago.edu/~teutsch/papers/truebit.pdf}
}

@article{sanjay2016,
	author = {Jain, Sanjay and Saxena, Prateek and Stephan, Frank and Teutsch, Jason},
	title = {How to verify computation with a rational network},
	year = {2016},
	month = {June},
    url = {https://arxiv.org/pdf/1606.05917v1.pdf}
}


@article{heck2016,
	author = {Heck, Rouven and Lundkvist, Christian and Mitton, Zac and Sena, Michael and Torstensson, Joel},
	title = {Uport: A Platform for Self-Sovereign Identity},
	year = {2016},
	month = {October},
    url = {https://whitepaper.uport.me/uPort_whitepaper_DRAFT20170221.pdf}
}

@article{samareh2001,
	author = {Samareh, Jamshid},
	title = {A Survey of Shape Parameterization Techniques for High-Fidelity Multidisciplinary Shape Optimization},
	year = {2001},
	month = {May},
    volume = {39},
    number = {5},
    publisher = {American Institute of Aeronautics and Astronautics},
    url = {https://arc.aiaa.org/doi/pdf/10.2514/2.1391}
}

@article{golem,
	title = {The Golem Project Crowdfunding Whitepaper Draft v0.9},
	year = {2016},
	month = {October},
    url = {http://golemproject.net/doc/DraftGolemProjectWhitepaper.pdf}
}

@article{sormani,
title = {Hamilton, Perelman and the Poincare Conjecture},
url = {http://comet.lehman.cuny.edu/sormani/others/perelman/introperelman.html},
author = {Sormani, Christina},
institution = {CUNY Graduate Center and Lehman College}
}

@article{eigentrust,
    title = {The EigenTrust Algorithm for Reputation Management in P2P Networks},
    year = {2002},
    month = {November},
    url = {http://ilpubs.stanford.edu:8090/562/1/2002-56.pdf}
}

@article{eigentrust++,
    title = {EigenTrust++: Attack Resilient Trust Management},
    year = {2012},
    month = {January},
    url = {https://www.researchgate.net/publication/261093756_EigenTrust_Attack_Resilient_Trust_Management}
}

@article{peertrust,
    title = {PeerTrust: Supporting Reputation-Based Trust for Peer-to-Peer Electronic Communities},
    year = {2004},
    month = {August},
    url = {https://www.researchgate.net/publication/3297318_PeerTrust_Supporting_Reputation-Based_Trust_for_Peer-to-Peer_Electronic_Communities}
}